@inproceedings{kula2014visualizing,
  title={Visualizing the evolution of systems and their library dependencies},
  author={Kula, Raula Gaikovina and De Roover, Coen and German, Daniel and Ishio, Takashi and Inoue, Katsuro},
  booktitle={2014 Second IEEE Working Conference on Software Visualization},
  pages={127--136},
  year={2014},
  organization={IEEE}
}

@misc{hejderup2018prazi,
  title={PRAZI: From Package-based to Precise Call-based Dependency Network Analyses},
  author={Hejderup, Joseph and Beller, Moritz and Gousios, Georgios},
  year={2018},
  publisher={Workingpaper}
}
