@misc{CVE-FAQ,
author = {Common Vulnerabilities and Exposures},
title = {{CVE - Frequently Asked Questions}},
url = {https://cve.mitre.org/about/faqs.html{\#}what{\_}is{\_}vulnerability},
urldate = {2020-01-10}
}

@inproceedings{mileva2009mining,
  title={Mining trends of library usage},
  author={Mileva, Yana Momchilova and Dallmeier, Valentin and Burger, Martin and Zeller, Andreas},
  booktitle={Proceedings of the joint international and annual ERCIM workshops on Principles of software evolution (IWPSE) and software evolution (Evol) workshops},
  pages={57--62},
  year={2009},
  organization={ACM}
}

@inproceedings{pashchenko2018vulnerable,
  title={Vulnerable open source dependencies: Counting those that matter},
  author={Pashchenko, Ivan and Plate, Henrik and Ponta, Serena Elisa and Sabetta, Antonino and Massacci, Fabio},
  booktitle={Proceedings of the 12th ACM/IEEE International Symposium on Empirical Software Engineering and Measurement},
  pages={42},
  year={2018},
  organization={ACM}
}

@inproceedings{hejderup2018software,
  title={Software ecosystem call graph for dependency management},
  author={Hejderup, Joseph and van Deursen, Arie and Gousios, Georgios},
  booktitle={2018 IEEE/ACM 40th International Conference on Software Engineering: New Ideas and Emerging Technologies Results (ICSE-NIER)},
  pages={101--104},
  year={2018},
  organization={IEEE}
}

@article{kula2017modeling,
  title={Modeling library dependencies and updates in large software repository universes},
  author={Kula, Raula Gaikovina and De Roover, Coen and German, Daniel M and Ishio, Takashi and Inoue, Katsuro},
  journal={arXiv preprint arXiv:1709.04626},
  year={2017}
}

@inproceedings{kula2014visualizing,
  title={Visualizing the evolution of systems and their library dependencies},
  author={Kula, Raula Gaikovina and De Roover, Coen and German, Daniel and Ishio, Takashi and Inoue, Katsuro},
  booktitle={2014 Second IEEE Working Conference on Software Visualization},
  pages={127--136},
  year={2014},
  organization={IEEE}
}

@inproceedings{bogart2016break,
  title={How to break an API: cost negotiation and community values in three software ecosystems},
  author={Bogart, Christopher and K{\"a}stner, Christian and Herbsleb, James and Thung, Ferdian},
  booktitle={Proceedings of the 2016 24th ACM SIGSOFT International Symposium on Foundations of Software Engineering},
  pages={109--120},
  year={2016},
  organization={ACM}
}

@inproceedings{decan2017empirical,
  title={An empirical comparison of dependency issues in OSS packaging ecosystems},
  author={Decan, Alexandre and Mens, Tom and Claes, Ma{\"e}lick},
  booktitle={2017 IEEE 24th International Conference on Software Analysis, Evolution and Reengineering (SANER)},
  pages={2--12},
  year={2017},
  organization={IEEE}
}

@misc{hejderup2015dependencies,
  title={In dependencies we trust: How vulnerable are dependencies in software modules?},
  author={Hejderup, JI},
  year={2015}
}

@inproceedings{kikas2017structure,
  title={Structure and evolution of package dependency networks},
  author={Kikas, Riivo and Gousios, Georgios and Dumas, Marlon and Pfahl, Dietmar},
  booktitle={Proceedings of the 14th International Conference on Mining Software Repositories},
  pages={102--112},
  year={2017},
  organization={IEEE press}
}

@inproceedings{wittern2016look,
  title={A look at the dynamics of the JavaScript package ecosystem},
  author={Wittern, Erik and Suter, Philippe and Rajagopalan, Shriram},
  booktitle={2016 IEEE/ACM 13th Working Conference on Mining Software Repositories (MSR)},
  pages={351--361},
  year={2016},
  organization={IEEE}
}

@inproceedings{ossher2010automated,
  title={Automated dependency resolution for open source software},
  author={Ossher, Joel and Bajracharya, Sushil and Lopes, Cristina},
  booktitle={2010 7th IEEE Working Conference on Mining Software Repositories (MSR 2010)},
  pages={130--140},
  year={2010},
  organization={IEEE}
}

@article{labelle2004inter,
  title={Inter-package dependency networks in open-source software},
  author={LaBelle, Nathan and Wallingford, Eugene},
  journal={arXiv preprint cs/0411096},
  year={2004}
}

@inproceedings{decan2018impact,
  title={On the impact of security vulnerabilities in the npm package dependency network},
  author={Decan, Alexandre and Mens, Tom and Constantinou, Eleni},
  booktitle={2018 IEEE/ACM 15th International Conference on Mining Software Repositories (MSR)},
  pages={181--191},
  year={2018},
  organization={IEEE}
}

@inproceedings{dietrich2019dependency,
  title={Dependency versioning in the wild},
  author={Dietrich, Jens and Pearce, David J and Stringer, Jacob and Tahir, Amjed and Blincoe, Kelly},
  booktitle={Proceedings of the 16th International Conference on Mining Software Repositories},
  pages={349--359},
  year={2019},
  organization={IEEE Press}
}

@inproceedings{plate2015impact,
  title={Impact assessment for vulnerabilities in open-source software libraries},
  author={Plate, Henrik and Ponta, Serena Elisa and Sabetta, Antonino},
  booktitle={2015 IEEE International Conference on Software Maintenance and Evolution (ICSME)},
  pages={411--420},
  year={2015},
  organization={IEEE}
}

@incollection{mens2014studying,
  title={Studying evolving software ecosystems based on ecological models},
  author={Mens, Tom and Claes, Ma{\'a}lick and Grosjean, Philippe and Serebrenik, Alexander},
  booktitle={Evolving Software Systems},
  pages={297--326},
  year={2014},
  publisher={Springer}
}

@misc{barbosa2011systematic,
  title={A systematic mapping study on software ecosystems},
  author={Barbosa, Olavo and Alves, Carina},
  year={2011},
  publisher={Citeseer}
}

@inproceedings{boucharas2009formalizing,
  title={Formalizing software ecosystem modeling},
  author={Boucharas, Vasilis and Jansen, Slinger and Brinkkemper, Sjaak},
  booktitle={Proceedings of the 1st international workshop on Open component ecosystems},
  pages={41--50},
  year={2009},
  organization={ACM}
}

@inproceedings{van2010software,
  title={Software ecosystems: a software ecosystem strategy assessment model},
  author={Van Den Berk, Ivo and Jansen, Slinger and Luinenburg, L{\'u}tzen},
  booktitle={Proceedings of the Fourth European Conference on Software Architecture: Companion Volume},
  pages={127--134},
  year={2010},
  organization={ACM}
}

@article{briand1999unified,
  title={A unified framework for coupling measurement in object-oriented systems},
  author={Briand, Lionel C. and Daly, John W. and Wust, Jurgen K},
  journal={IEEE Transactions on software Engineering},
  volume={25},
  number={1},
  pages={91--121},
  year={1999},
  publisher={IEEE}
}

@inproceedings{briand1997investigation,
  title={An investigation into coupling measures for C++},
  author={Briand, Lionel and Devanbu, Prem and Melo, Walcelio},
  booktitle={Proceedings of the 19th international conference on Software engineering},
  pages={412--421},
  year={1997}
}

@inproceedings{kama2014cochcomo,
  title={COCHCOMO: A Change Effort Estimation Tool for Software Development Phase.},
  author={Kama, Nazri and Basri, Sufyan and Asl, Mehran Halimi and Ibrahim, Roslina},
  booktitle={SoMeT},
  pages={1029--1045},
  year={2014}
}

@inproceedings{asl2013change,
  title={A change impact size estimation approach during the software development},
  author={Asl, Mehran Halimi and Kama, Nazri},
  booktitle={2013 22nd Australian Software Engineering Conference},
  pages={68--77},
  year={2013},
  organization={IEEE}
}

@article{srinivasan2014software,
  title={Software metrics validation methodologies in software engineering},
  author={Srinivasan, KP and Devi, T},
  journal={International Journal of Software Engineering \& Applications},
  volume={5},
  number={6},
  pages={87},
  year={2014},
  publisher={Academy \& Industry Research Collaboration Center (AIRCC)}
}

@misc{hejderup2018prazi,
  title={PRAZI: From Package-based to Precise Call-based Dependency Network Analyses},
  author={Hejderup, Joseph and Beller, Moritz and Gousios, Georgios},
  year={2018},
  publisher={Workingpaper}
}

@article{meneely2013validating,
  title={Validating software metrics: A spectrum of philosophies},
  author={Meneely, Andrew and Smith, Ben and Williams, Laurie},
  journal={ACM Transactions on Software Engineering and Methodology (TOSEM)},
  volume={21},
  number={4},
  pages={1--28},
  year={2013},
  publisher={ACM New York, NY, USA}
}

@inproceedings{poshyvanyk2006conceptual,
  title={The conceptual coupling metrics for object-oriented systems},
  author={Poshyvanyk, Denys and Marcus, Andrian},
  booktitle={2006 22nd IEEE International Conference on Software Maintenance},
  pages={469--478},
  year={2006},
  organization={IEEE}
}

@inproceedings{harrison1998coupling,
  title={Coupling metrics for object-oriented design},
  author={Harrison, Rachel and Counsell, Steve and Nithi, Reuben},
  booktitle={Proceedings Fifth International Software Metrics Symposium. Metrics (Cat. No. 98TB100262)},
  pages={150--157},
  year={1998},
  organization={IEEE}
}

@article{zimmermann2005mining,
  title={Mining version histories to guide software changes},
  author={Zimmermann, Thomas and Zeller, Andreas and Weissgerber, Peter and Diehl, Stephan},
  journal={IEEE Transactions on Software Engineering},
  volume={31},
  number={6},
  pages={429--445},
  year={2005},
  publisher={IEEE}
}

@inproceedings{yu2011measurement,
  title={Measurement of Software Coupling Based on Structure Entropy},
  author={Yu, Yong and Li, Tong and Liu, Qing and Yu, Qian},
  booktitle={International Conference on Intelligent Computing and Information Science},
  pages={435--439},
  year={2011},
  organization={Springer}
}

@inproceedings{allen1999measuring,
  title={Measuring coupling and cohesion: An information-theory approach},
  author={Allen, Edward B and Khoshgoftaar, Taghi M},
  booktitle={Proceedings Sixth International Software Metrics Symposium (Cat. No. PR00403)},
  pages={119--127},
  year={1999},
  organization={IEEE}
}

@article{cataldo2009software,
  title={Software dependencies, work dependencies, and their impact on failures},
  author={Cataldo, Marcelo and Mockus, Audris and Roberts, Jeffrey A and Herbsleb, James D},
  journal={IEEE Transactions on Software Engineering},
  volume={35},
  number={6},
  pages={864--878},
  year={2009},
  publisher={IEEE}
}

@incollection{easterbrook2008selecting,
  title={Selecting empirical methods for software engineering research},
  author={Easterbrook, Steve and Singer, Janice and Storey, Margaret-Anne and Damian, Daniela},
  booktitle={Guide to advanced empirical software engineering},
  pages={285--311},
  year={2008},
  publisher={Springer}
}

@inproceedings{wieringa2012technical,
  title={Technical action research as a validation method in information systems design science},
  author={Wieringa, Roel and Moral{\i}, Ay{\c{s}}e},
  booktitle={International Conference on Design Science Research in Information Systems},
  pages={220--238},
  year={2012},
  organization={Springer}
}

@article{kama2013integrated,
  title={Integrated change impact analysis approach for the software development phase},
  author={Kama, Nazri},
  journal={International Journal of Software Engineering and its Applications},
  volume={7},
  number={2},
  pages={293--304},
  year={2013}
}

@article{roche1994software,
  title={Software metrics and measurement principles},
  author={Roche, John M},
  journal={ACM SIGSOFT Software Engineering Notes},
  volume={19},
  number={1},
  pages={77--85},
  year={1994},
  publisher={ACM New York, NY, USA}
}

@article{sharma2011analysis,
  title={Analysis of software cost estimation using COCOMO II},
  author={Sharma, TN},
  journal={International Journal of Scientific \& Engineering Research},
  volume={2},
  number={6},
  pages={1--5},
  year={2011}
}
