@inproceedings{kula2014visualizing,
  title={Visualizing the evolution of systems and their library dependencies},
  author={Kula, Raula Gaikovina and De Roover, Coen and German, Daniel and Ishio, Takashi and Inoue, Katsuro},
  booktitle={2014 Second IEEE Working Conference on Software Visualization},
  pages={127--136},
  year={2014},
  organization={IEEE}
}

@misc{hejderup2018prazi,
  title={PRAZI: From Package-based to Precise Call-based Dependency Network Analyses},
  author={Hejderup, Joseph and Beller, Moritz and Gousios, Georgios},
  year={2018},
  publisher={Workingpaper}
}

@inproceedings{wieringa2012technical,
  title={Technical action research as a validation method in information systems design science},
  author={Wieringa, Roel and Moral{\i}, Ay{\c{s}}e},
  booktitle={International Conference on Design Science Research in Information Systems},
  pages={220--238},
  year={2012},
  organization={Springer}
}

@article{srinivasan2014software,
  title={Software metrics validation methodologies in software engineering},
  author={Srinivasan, KP and Devi, T},
  journal={International Journal of Software Engineering \& Applications},
  volume={5},
  number={6},
  pages={87},
  year={2014},
  publisher={Academy \& Industry Research Collaboration Center (AIRCC)}
}

@article{soto2020comprehensive,
  title={A Comprehensive Study of Bloated Dependencies in the Maven Ecosystem},
  author={Soto-Valero, C{\'e}sar and Harrand, Nicolas and Monperrus, Martin and Baudry, Benoit},
  journal={arXiv preprint arXiv:2001.07808},
  year={2020}
}

@misc{hejderup2015dependencies,
  title={In dependencies we trust: How vulnerable are dependencies in software modules?},
  author={Hejderup, JI},
  year={2015}
}

@inproceedings{kikas2017structure,
  title={Structure and evolution of package dependency networks},
  author={Kikas, Riivo and Gousios, Georgios and Dumas, Marlon and Pfahl, Dietmar},
  booktitle={Proceedings of the 14th International Conference on Mining Software Repositories},
  pages={102--112},
  year={2017},
  organization={IEEE press}
}
